@inproceedings{Valentini2009TruePR,
  title={True Path Rule Hierarchical Ensembles},
  author={Giorgio Valentini},
  booktitle={MCS},
  year={2009}
}

@article{Barbedo2007AutomaticGC,
  title={Automatic Genre Classification of Musical Signals},
  author={Jayme Garcia Arnal Barbedo and Amauri Lopes},
  journal={EURASIP Journal on Advances in Signal Processing},
  year={2007},
  volume={2007},
  pages={1-12}
}

@inproceedings{Secker2007AnEC,
  title={An experimental comparison of classification algorithms for hierarchical prediction of protein function},
  author={Andrew Secker and Matthew N. Davies and Alex Alves Freitas and Jonathan Timmis and Miguel Mendao and Darren R. Flower},
  year={2007}
}

@article{Krizhevsky2012ImageNetCW,
  title={ImageNet classification with deep convolutional neural networks},
  author={Alex Krizhevsky and Ilya Sutskever and Geoffrey E. Hinton},
  journal={Communications of the ACM},
  year={2012},
  volume={60},
  pages={84 - 90}
}

% author={Celine Vens and Jan Struyf and Leander Schietgat and Sa{\vs}o D{\vz}eroski and Hendrik Blockeel},
@article{Vens2008DecisionTF,
  title={Decision trees for hierarchical multi-label classification},
  author={Celine Vens and Jan Struyf and Leander Schietgat and Saso Dzeroski and Hendrik Blockeel},
  journal={Machine Learning},
  year={2008},
  volume={73},
  pages={185-214}
}

@inproceedings{Freitas2007ATO,
  title={A Tutorial on Hierarchical Classification with Applications in Bioinformatics.},
  author={Alex Alves Freitas and Andr{\'e} Carlos Ponce de Leon Ferreira de Carvalho},
  year={2007}
}

@inproceedings{Bi2011MultiLabelCO,
  title={MultiLabel Classification on Tree- and DAG-Structured Hierarchies},
  author={Wei Bi and James Tin-Yau Kwok},
  booktitle={ICML},
  year={2011}
}

@article{Silla2010ASO,
  title={A survey of hierarchical classification across different application domains},
  author={Carlos Nascimento Silla and Alex Alves Freitas},
  journal={Data Mining and Knowledge Discovery},
  year={2010},
  volume={22},
  pages={31-72}
}

@article{Wang2020FineGrainedSM,
  title={Fine-Grained Similarity Measurement between Educational Videos and Exercises},
  author={Xin Wang and Wei Huang and Qi Liu and Yu Yin and Zhenya Huang and Le Wu and Jianhui Ma and Xue Wang},
  journal={Proceedings of the 28th ACM International Conference on Multimedia},
  year={2020}
}

@article{Devlin2019BERTPO,
  title={BERT: Pre-training of Deep Bidirectional Transformers for Language Understanding},
  author={Jacob Devlin and Ming-Wei Chang and Kenton Lee and Kristina Toutanova},
  journal={ArXiv},
  year={2019},
  volume={abs/1810.04805}
}

@article{Huang2019HierarchicalMT,
  title={Hierarchical Multi-label Text Classification: An Attention-based Recurrent Network Approach},
  author={Wei Huang and Enhong Chen and Qi Liu and Yuying Chen and Zai Huang and Yang Liu and Zhou Zhao and Dandan Zhang and Shijin Wang},
  journal={Proceedings of the 28th ACM International Conference on Information and Knowledge Management},
  year={2019}
}

@article{He2016DeepRL,
  title={Deep Residual Learning for Image Recognition},
  author={Kaiming He and X. Zhang and Shaoqing Ren and Jian Sun},
  journal={2016 IEEE Conference on Computer Vision and Pattern Recognition (CVPR)},
  year={2016},
  pages={770-778}
}

@inproceedings{Pennington2014GloVeGV,
  title={GloVe: Global Vectors for Word Representation},
  author={Jeffrey Pennington and Richard Socher and Christopher D. Manning},
  booktitle={EMNLP},
  year={2014}
}

@article{Hochreiter1997LongSM,
  title={Long Short-Term Memory},
  author={Sepp Hochreiter and J{\"u}rgen Schmidhuber},
  journal={Neural Computation},
  year={1997},
  volume={9},
  pages={1735-1780}
}

@article{Graves2013GeneratingSW,
  title={Generating Sequences With Recurrent Neural Networks},
  author={Alex Graves},
  journal={ArXiv},
  year={2013},
  volume={abs/1308.0850}
}
% author={Tadas Baltru{\vs}aitis and Chaitanya Ahuja and Louis-Philippe Morency},
@article{Baltruaitis2019MultimodalML,
  title={Multimodal Machine Learning: A Survey and Taxonomy},
  author={Tadas Baltrusaitis and Chaitanya Ahuja and Louis-Philippe Morency},
  journal={IEEE Transactions on Pattern Analysis and Machine Intelligence},
  year={2019},
  volume={41},
  pages={423-443}
}

@inproceedings{Xu2015JointlyMD,
  title={Jointly Modeling Deep Video and Compositional Text to Bridge Vision and Language in a Unified Framework},
  author={Ran Xu and Caiming Xiong and Wei Chen and Jason J. Corso},
  booktitle={AAAI},
  year={2015}
}

@article{Karpathy2017DeepVA,
  title={Deep Visual-Semantic Alignments for Generating Image Descriptions},
  author={Andrej Karpathy and Li Fei-Fei},
  journal={IEEE Transactions on Pattern Analysis and Machine Intelligence},
  year={2017},
  volume={39},
  pages={664-676}
}

@inproceedings{Wehrmann2018HierarchicalMC,
  title={Hierarchical Multi-Label Classification Networks},
  author={Jonatas Wehrmann and Ricardo Cerri and Rodrigo C. Barros},
  booktitle={ICML},
  year={2018}
}

@article{Tran2015LearningSF,
  title={Learning Spatiotemporal Features with 3D Convolutional Networks},
  author={Du Tran and Lubomir D. Bourdev and Rob Fergus and Lorenzo Torresani and Manohar Paluri},
  journal={2015 IEEE International Conference on Computer Vision (ICCV)},
  year={2015},
  pages={4489-4497}
}

@inproceedings{Kim2014ConvolutionalNN,
  title={Convolutional Neural Networks for Sentence Classification},
  author={Yoon Kim},
  booktitle={EMNLP},
  year={2014}
}

@inproceedings{Frome2013DeViSEAD,
  title={DeViSE: A Deep Visual-Semantic Embedding Model},
  author={Andrea Frome and Gregory S. Corrado and Jonathon Shlens and Samy Bengio and Jeffrey Dean and Marc'Aurelio Ranzato and Tomas Mikolov},
  booktitle={NIPS},
  year={2013}
}

@article{Bojanowski2015WeaklySupervisedAO,
  title={Weakly-Supervised Alignment of Video with Text},
  author={Piotr Bojanowski and R{\'e}mi Lajugie and Edouard Grave and Francis R. Bach and Ivan Laptev and Jean Ponce and Cordelia Schmid},
  journal={2015 IEEE International Conference on Computer Vision (ICCV)},
  year={2015},
  pages={4462-4470}
}

@inproceedings{Austin2017TranslatingVT,
  title={Translating Videos to Natural Language Using Deep Recurrent Neural Networks},
  author={Ut Austin and Austin and UMass Lowell and Lowell},
  year={2017}
}

@article{Mao2015DeepCW,
  title={Deep Captioning with Multimodal Recurrent Neural Networks (m-RNN)},
  author={Junhua Mao and Wei Xu and Yi Yang and Jiang Wang and Alan Loddon Yuille},
  journal={arXiv: Computer Vision and Pattern Recognition},
  year={2015}
}

@article{Mroueh2015DeepML,
  title={Deep multimodal learning for Audio-Visual Speech Recognition},
  author={Youssef Mroueh and Etienne Marcheret and Vaibhava Goel},
  journal={2015 IEEE International Conference on Acoustics, Speech and Signal Processing (ICASSP)},
  year={2015},
  pages={2130-2134}
}

@article{Agrawal2015VQAVQ,
  title={VQA: Visual Question Answering},
  author={Aishwarya Agrawal and Jiasen Lu and Stanislaw Antol and Margaret Mitchell and C. Lawrence Zitnick and Devi Parikh and Dhruv Batra},
  journal={International Journal of Computer Vision},
  year={2015},
  volume={123},
  pages={4-31}
}

@article{Ouyang2014MultisourceDL,
  title={Multi-source Deep Learning for Human Pose Estimation},
  author={Wanli Ouyang and Xiao Chu and Xiaogang Wang},
  journal={2014 IEEE Conference on Computer Vision and Pattern Recognition},
  year={2014},
  pages={2337-2344}
}

@inproceedings{Gao2015AreYT,
  title={Are You Talking to a Machine? Dataset and Methods for Multilingual Image Question},
  author={Haoyuan Gao and Junhua Mao and Jie Zhou and Zhiheng Huang and Lei Wang and Wei Xu},
  booktitle={NIPS},
  year={2015}
}

@article{Malinowski2015AskYN,
  title={Ask Your Neurons: A Neural-Based Approach to Answering Questions about Images},
  author={Mateusz Malinowski and Marcus Rohrbach and Mario Fritz},
  journal={2015 IEEE International Conference on Computer Vision (ICCV)},
  year={2015},
  pages={1-9}
}

@article{Kingma2015AdamAM,
  title={Adam: A Method for Stochastic Optimization},
  author={Diederik P. Kingma and Jimmy Ba},
  journal={CoRR},
  year={2015},
  volume={abs/1412.6980}
}

@inproceedings{CesaBianchi2004IncrementalAF,
  title={Incremental Algorithms for Hierarchical Classification},
  author={Nicol{\`o} Cesa-Bianchi and Claudio Gentile and Luca Zaniboni},
  booktitle={J. Mach. Learn. Res.},
  year={2004}
}

@article{Cerri2016ReductionSF,
  title={Reduction strategies for hierarchical multi-label classification in protein function prediction},
  author={Ricardo Cerri and Rodrigo C. Barros and Andr{\'e} Carlos Ponce de Leon Ferreira de Carvalho and Yaochu Jin},
  journal={BMC Bioinformatics},
  year={2016},
  volume={17}
}